<?xml version="1.0" encoding="UTF-8"?><record xmlns="http://www.loc.gov/MARC21/slim" xmlns:cinclude="http://apache.org/cocoon/include/1.0" xmlns:zs="http://www.loc.gov/zing/srw/">
  <leader>00651cz  a2200157n  4500</leader>
  <controlfield tag="001">n  81099504 </controlfield>
  <controlfield tag="003">DLC</controlfield>
  <controlfield tag="005">20130312081045.0</controlfield>
  <controlfield tag="008">810908n| azannaabn          |b ana      </controlfield>
  <datafield tag="010" ind1=" " ind2=" ">
    <subfield code="a">n  81099504 </subfield>
  </datafield>
  <datafield tag="035" ind1=" " ind2=" ">
    <subfield code="a">(OCoLC)oca00644636</subfield>
  </datafield>
  <datafield tag="040" ind1=" " ind2=" ">
    <subfield code="a">DLC</subfield>
    <subfield code="b">eng</subfield>
    <subfield code="e">rda</subfield>
    <subfield code="c">DLC</subfield>
    <subfield code="d">OCoLC</subfield>
    <subfield code="d">DLC</subfield>
  </datafield>
  <datafield tag="110" ind1="2" ind2=" ">
    <subfield code="a">University of Nebraska at Omaha.</subfield>
    <subfield code="b">Department of Geography-Geology</subfield>
  </datafield>
  <datafield tag="410" ind1="2" ind2=" ">
    <subfield code="w">nnea</subfield>
    <subfield code="a">University of Nebraska at Omaha.</subfield>
    <subfield code="b">Dept. of Geography-Geology</subfield>
  </datafield>
  <datafield tag="510" ind1="2" ind2=" ">
    <subfield code="w">r</subfield>
    <subfield code="i">Hierarchical superior:</subfield>
    <subfield code="a">University of Nebraska at Omaha</subfield>
  </datafield>
  <datafield tag="670" ind1=" " ind2=" ">
    <subfield code="a">Remote sensing quarterly, Vol. 1, no. 3; July 1979 (a.e.)</subfield>
    <subfield code="b">p. 3 (Department of Geography-Geology, the University of Nebraska at Omaha)</subfield>
  </datafield>
</record>